@inproceedings{amit,
  author    = {Amit Kumar and
               Ravindran Kannan},
  title     = {Clustering with Spectral Norm and the k-means Algorithm},
  booktitle ={51th Annual {IEEE} Symposium on Foundations of Computer Science, {FOCS} 2010, October 23-26, 2010, Las Vegas, Nevada, {USA}`
},
   pages = {299--308},
  year      = {2010}
}

@article{tsoumakas2006multi,
  title={Multi-label classification: An overview},
  author={Tsoumakas, Grigorios and Katakis, Ioannis},
  journal={International Journal of Data Warehousing and Mining},
  volume={3},
  number={3},
  year={2006}
}

@article{suykens1999least,
  title={Least squares support vector machine classifiers},
  author={Suykens, Johan AK and Vandewalle, Joos},
  journal={Neural processing letters},
  volume={9},
  number={3},
  pages={293--300},
  year={1999},
  publisher={Springer}
}

@article{cortes1995support,
  title={Support-vector networks},
  author={Cortes, Corinna and Vapnik, Vladimir},
  journal={Machine learning},
  volume={20},
  number={3},
  pages={273--297},
  year={1995},
  publisher={Springer}
}

@inproceedings{freund1996experiments,
  title={Experiments with a new boosting algorithm},
  author={Freund, Yoav and Schapire, Robert E and others},
  booktitle={Icml},
  volume={96},
  pages={148--156},
  year={1996}
}

@article{lecun2015deep,
  title={Deep learning},
  author={LeCun, Yann and Bengio, Yoshua and Hinton, Geoffrey},
  journal={Nature},
  volume={521},
  number={7553},
  pages={436--444},
  year={2015},
  publisher={Nature Research}
}

@inproceedings{mcauliffe2008supervised,
  title={Supervised topic models},
  author={Mcauliffe, Jon D and Blei, David M},
  booktitle={Advances in neural information processing systems},
  pages={},
  year={2008}
}

@inproceedings{pani2016amlc,
  title={A generative model to learn household composition of customers},
  author={Pani, Jagdeep and A, Pooja and Majumder, Anirban and Chaoji, Vineet and Khare, Vineet and Rastogi, Rajeev},
  booktitle={Amazon Machine Learning Conference},
  year={2016}
}

@article{read2009classifier,
  title={Classifier chains for multi-label classification},
  author={Read, Jesse and Pfahringer, Bernhard and Holmes, Geoff and Frank, Eibe},
  journal={Machine Learning and Knowledge Discovery in Databases},
  pages={254--269},
  year={2009},
  publisher={Springer}
}

@inproceedings{liu2015optimality,
  title={On the optimality of classifier chain for multi-label classification},
  author={Liu, Weiwei and Tsang, Ivor},
  booktitle={Advances in Neural Information Processing Systems},
  pages={712--720},
  year={2015}
}

@inproceedings{dembczynski2011joint,
  title={Joint mode estimation in multi-label classification by chaining},
  author={Dembczy{\'n}ski, Krzysztof and Waegeman, Willem and H{\"u}llermeier, Eyke},
  booktitle={CoLISD 2011 (Collective Learning and Inference on Structured Data 2011)},
  year={2011}
}

@inproceedings{kumar2012learning,
  title={Learning and inference in probabilistic classifier chains with beam search},
  author={Kumar, Abhishek and Vembu, Shankar and Menon, Aditya Krishna and Elkan, Charles},
  booktitle={Joint European Conference on Machine Learning and Knowledge Discovery in Databases},
  pages={665--680},
  year={2012},
  organization={Springer}
}

@inproceedings{li2016conditional,
  title={Conditional bernoulli mixtures for multi-label classification},
  author={Li, Cheng and Wang, Bingyu and Pavlu, Virgil and Aslam, Javed},
  booktitle={International Conference on Machine Learning},
  pages={2482--2491},
  year={2016}
}

@article{christopher2008introduction,
  title={Introduction to information retrieval},
  author={Christopher, D Manning and Prabhakar, Raghavan and Hinrich, SCH{\"U}TZE},
  journal={An Introduction To Information Retrieval},
  volume={151},
  pages={177},
  year={2008}
}

@inproceedings{sohoney2016interest,
  title={Scalable clustering for mining Interest Circles from customer behavior at Amazon},
  author={Sohoney, Saurabh and Roy, Gourav and Kaveri, Sivaramakrishnan and Khare, Vineet and Chaoji, Vineet},
  booktitle={Amazon Machine Learning Conference},
  year={2016}
}


@InProceedings{pmlr-v70-koh17a,
  title = 	 {Understanding Black-box Predictions via Influence Functions},
  author = 	 {Pang Wei Koh and Percy Liang},
  booktitle = 	 {Proceedings of the 34th International Conference on Machine Learning},
  pages = 	 {1885--1894},
  year = 	 {2017},
  editor = 	 {Doina Precup and Yee Whye Teh},
  volume = 	 {70},
  series = 	 {Proceedings of Machine Learning Research},
  address = 	 {International Convention Centre, Sydney, Australia},
  month = 	 {06--11 Aug},
  publisher = 	 {PMLR},
}

\bibitem{mcdiarmid}
McDiarmid, C.
\newblock On the method of Bounded Differences.
\newblock Surveys in Combinatorics: London Math. Soc. Lecture Note Series 141. Cambridge University Press., 1989.
