@inproceedings{amit,
  author    = {Amit Kumar and
               Ravindran Kannan},
  title     = {Clustering with Spectral Norm and the k-means Algorithm},
  booktitle ={51th Annual {IEEE} Symposium on Foundations of Computer Science, {FOCS} 2010, October 23-26, 2010, Las Vegas, Nevada, {USA}`
},
   pages = {299--308},
  year      = {2010}
}

@article{mcdiarmid,
author = {C. McDiarmid},
title= {On the method of bounded differences},
journal={Surveys in Combinatorics},
volume = {141 (August)},
year = {1989}, 
pages ={148-188}
}
@article{Versh11,
title={Introduction to the non-asymptotic analysis of random matrices},
author={Roman Vershynin},
year={2010},
url ={http://arxiv.org/abs/1011.3027}
}

@inproceedings{GeZ15,
title ={Intersecting Faces: Non-negative Matrix Factorization With New Guarantees},
author={Rong, Ge and Zou, James},
pages = {2295-2303},
booktitle = {ICML},
year ={2015}
}


@article{Gillis,
  title={The why and how of nonnegative matrix factorization},
  author={Gillis, Nicolas},
  journal={Regularization, Optimization, Kernels, and Support Vector Machines},
  volume={12},
  year={2014},
  publisher={CRC Press}
}

@article{Huangetal,
  title={Non-negative matrix factorization revisited: Uniqueness and algorithm for symmetric decomposition},
  author={Huang, Kejun and Sidiropoulos, Nicholas D and Swami, Ananthram},
  journal={Signal Processing, IEEE Transactions on},
  volume={62},
  number={1},
  pages={211--224},
  year={2014},
  publisher={IEEE}
}

@inproceedings{DonohoStodden,
  title={When does non-negative matrix factorization give a correct decomposition into parts?},
  author={Donoho, David and Stodden, Victoria},
  booktitle={Advances in Neural Information Processing Systems},
  pages={1141-1148},
  year={2003}
}

@article{Laurberg,
  title={Theorems on positive data: On the uniqueness of NMF},
  author={Laurberg, Hans and Christensen, Mads Gr{\ae}sb{\o}ll and Plumbley, Mark D and Hansen, Lars Kai and Jensen, S{\o}ren Holdt},
  journal={Computational intelligence and neuroscience},
  volume={2008},
  year={2008},
  publisher={Hindawi Publishing Corporation}
}

@article{kuhn_munkres,
  title={The Hungarian method for the assignment problem},
  author={Kuhn, Harold W},
  journal={Naval research logistics quarterly},
  volume={2},
  number={1-2},
  pages={83--97},
  year={1955},
  publisher={Wiley Online Library}
}
@inproceedings{tsvd,
title = {A provable SVD-based algorithm for learning topics in dominant admixture corpus},
author = {Bansal, Trapit and Bhattacharyya, Chiranjib and Kannan, Ravindran},
booktitle = {Advances in Neural Information Processing Systems 27},
pages = {1997--2005},
year = {2014},
}
@article{araujo2001successive,
  title={The successive projections algorithm for variable selection in spectroscopic multicomponent analysis},
  author={Ara{\'u}jo, M{\'a}rio C{\'e}sar Ugulino and et al.},
  journal={Chemometrics and Intelligent Laboratory Systems},
  volume={57},
  number={2},
  pages={65--73},
  year={2001},
  publisher={Elsevier}
}
@article{araujo2001successivefull,
  title={The successive projections algorithm for variable selection in spectroscopic multicomponent analysis},
  author={Ara{\'u}jo, M{\'a}rio C{\'e}sar Ugulino and Saldanha, Teresa Cristina Bezerra and Galv{\~a}o, Roberto Kawakami Harrop and Yoneyama, Takashi and Chame, Henrique Caldas and Visani, Valeria},
  journal={Chemometrics and Intelligent Laboratory Systems},
  volume={57},
  number={2},
  pages={65--73},
  year={2001},
  publisher={Elsevier}
}
@article{mizutani2014ellipsoidal,
  title={Ellipsoidal rounding for nonnegative matrix factorization under noisy separability},
  author={Mizutani, Tomohiko},
  journal={The Journal of Machine Learning Research},
  volume={15},
  number={1},
  pages={1011--1039},
  year={2014},
  publisher={JMLR. org}
}

@article{gillis2013semidefinite,
  title={Semidefinite programming based preconditioning for more robust near-separable nonnegative matrix factorization},
  author={Gillis, Nicolas and Vavasis, Stephen A},
  journal={arXiv preprint arXiv:1310.2273},
  year={2013}
}


@inproceedings{arora2012computing,
  title={Computing a nonnegative matrix factorization--provably},
  author={Arora, Sanjeev and Ge, Rong and Kannan, Ravindran and Moitra, Ankur},
  booktitle={Proceedings of the forty-fourth annual ACM symposium on Theory of computing},
  pages={145--162},
  year={2012},
  organization={ACM}
}

@inproceedings{arora2012learning,
  title={Learning topic models--going beyond svd},
  author={Arora, Sanjeev and Ge, Rong and Moitra, Ankur},
  booktitle={Foundations of Computer Science (FOCS), 2012 IEEE 53rd Annual Symposium on},
  pages={1--10},
  year={2012},
  organization={IEEE}
}

@article{bioucas2012hyperspectral,
  title={Hyperspectral unmixing overview: Geometrical, statistical, and sparse regression-based approaches},
  author={Bioucas-Dias, Jos{\'e} M and Plaza, Antonio and Dobigeon, Nicolas and Parente, Mario and Du, Qian and Gader, Paul and Chanussot, Jocelyn},
  journal={Selected Topics in Applied Earth Observations and Remote Sensing, IEEE Journal of},
  volume={5},
  number={2},
  pages={354--379},
  year={2012},
  publisher={IEEE}
}

@inproceedings{recht2012factoring,
  title={Factoring nonnegative matrices with linear programs},
  author={Recht, Ben and Re, Christopher and Tropp, Joel and Bittorf, Victor},
  booktitle={Advances in Neural Information Processing Systems},
  pages={1214--1222},
  year={2012}
}

@article{chan2008convex,
  title={A convex analysis framework for blind separation of non-negative sources},
  author={Chan, Tsung-Han and Ma, Wing-Kin and Chi, Chong-Yung and Wang, Yue},
  journal={Signal Processing, IEEE Transactions on},
  volume={56},
  number={10},
  pages={5120--5134},
  year={2008},
  publisher={IEEE}
}

@article{chen2011tissue,
  title={Tissue-specific compartmental analysis for dynamic contrast-enhanced mr imaging of complex tumors},
  author={Chen, Li and Choyke, Peter L and Chan, Tsung-Han and Chi, Chong-Yung and Wang, Ge and Wang, Yue},
  journal={Medical Imaging, IEEE Transactions on},
  volume={30},
  number={12},
  pages={2044--2058},
  year={2011},
  publisher={IEEE}
}


@inproceedings{elhamifar2012see,
  title={See all by looking at a few: Sparse modeling for finding representative objects},
  author={Elhamifar, Ehsan and Sapiro, Guillermo and Vidal, Rene},
  booktitle={Computer Vision and Pattern Recognition (CVPR), 2012 IEEE Conference on},
  pages={1600--1607},
  year={2012},
  organization={IEEE}
}

@article{esser2012convex,
  title={A convex model for nonnegative matrix factorization and dimensionality reduction on physical space},
  author={Esser, Ernie and Moller, Michael and Osher, Stanley and Sapiro, Guillermo and Xin, Jack},
  journal={Image Processing, IEEE Transactions on},
  volume={21},
  number={7},
  pages={3239--3252},
  year={2012},
  publisher={IEEE}
}

@article{gillis2012sparse,
  title={Sparse and unique nonnegative matrix factorization through data preprocessing},
  author={Gillis, Nicolas},
  journal={The Journal of Machine Learning Research},
  volume={13},
  number={1},
  pages={3349--3386},
  year={2012},
  publisher={JMLR. org}
}


@article{gillis2013robustness,
  title={Robustness analysis of Hottopixx, a linear programming model for factoring nonnegative matrices},
  author={Gillis, Nicolas},
  journal={SIAM Journal on Matrix Analysis and Applications},
  volume={34},
  number={3},
  pages={1189--1212},
  year={2013},
  publisher={SIAM}
}

@article{spa,
author={Gillis, N. and Vavasis, S.A.},
journal={Pattern Analysis and Machine Intelligence, IEEE Transactions on},
title={Fast and Robust Recursive Algorithmsfor Separable Nonnegative Matrix Factorization},
year={2014},
month={April},
volume={36},
number={4},
pages={698-714},
doi={10.1109/TPAMI.2013.226},
ISSN={0162-8828},}

@article{glineur2004conic,
  title={Conic formulation for l p-norm optimization},
  author={Glineur, Fran{\c{c}}ois and Terlaky, Tamas},
  journal={Journal of Optimization theory and Applications},
  volume={122},
  number={2},
  pages={285--307},
  year={2004},
  publisher={Springer}
}


@inproceedings{kumar2012fast,
  title={Fast conical hull algorithms for near-separable non-negative matrix factorization},
  author={Kumar, Abhishek and Sindhwani, Vikas and Kambadur, Prabhanjan},
  booktitle = {Proceedings of the 30th International Conference on Machine Learning, ICML 2013, Atlanta, GA, USA, 16-21 June 2013},
  year={2013}
}

@inproceedings{arora2013icml,
  title={A practical algorithm for topic modeling with provable guarantees},
  author={Arora, Sanjeev and Ge, Rong and Halpern, Yoni and Mimno, David and Moitra, Ankur and Sontag, David and Wu, Yichen and Zhu, Michael},
  booktitle = {Proceedings of the 30th International Conference on Machine Learning, ICML 2013, Atlanta, GA, USA, 16-21 June 2013},
  year={2013}
}

@inproceedings{greene2006practical,
  title={Practical solutions to the problem of diagonal dominance in kernel document clustering},
  author={Greene, Derek and Cunningham, P{\'a}draig},
  booktitle={Proceedings of the 23rd international conference on Machine learning},
  pages={377--384},
  year={2006},
  organization={ACM}
}

@article{gillis2014robust,
  title={Robust near-separable nonnegative matrix factorization using linear optimization},
  author={Gillis, Nicolas and Luce, Robert},
  journal={The Journal of Machine Learning Research},
  volume={15},
  number={1},
  pages={1249--1280},
  year={2014},
  publisher={JMLR. org}
}

@book{manning,
  title={Introduction to information retrieval},
  author={Manning, Christopher D and Raghavan, Prabhakar and Sch{\"u}tze, Hinrich},
  volume={1},
  year={2008},
  publisher={Cambridge university press Cambridge}
}


@article{vavasis2009complexity,
  title={On the complexity of nonnegative matrix factorization},
  author={Vavasis, Stephen A},
  journal={SIAM Journal on Optimization},
  volume={20},
  number={3},
  pages={1364--1377},
  year={2009},
  publisher={SIAM}
}
@article{liblinear,
  author = 	 {Rong-En Fan and Kai-Wei Chang and Cho-Jui Hsieh and Xiang-Rui Wang and Chih-Jen Lin},
  title = 	 {{LIBLINEAR}: A Library for Large Linear Classification},
  journal = 	 {Journal of Machine Learning Research},
  year = 	 {2008},
  volume =	 {9},
  pages =	 {1871--1874}
}

@article{reuters,
  title={Reuters, archive.ics.uci.edu/ml/datasets/Reuters-21578+Text+Categorization+Collection.},
}
@article{20NG,
  title={20Newsgroups, http://kdd.ics.uci.edu/databases/ 20newsgroups/20newsgroups.html},
}

@article{dengcai,
  title={Dengcai, http://www.cad.zju.edu.cn/home/dengcai/Data/TextData.html},

}
@article{tdt2,
title={TDT-2, http://www.itl.nist.gov/iad/mig/tests/tdt/1998/.},
}

@article{yale_face,
title={Yale face database. http://cvc.yale.edu},

}

@inproceedings{kmeans,
  title={Some methods for classification and analysis of multivariate observations},
  author={MacQueen, James and others},
  booktitle={Proceedings of the fifth Berkeley symposium on mathematical statistics and probability},
  volume={1},
  number={14},
  pages={281--297},
  year={1967},
  organization={Oakland, CA, USA.}
}

@article{lin2007projected,
  title={Projected gradient methods for nonnegative matrix factorization},
  author={Lin, Chih-Jen},
  journal={Neural computation},
  volume={19},
  number={10},
  pages={2756--2779},
  year={2007},
  publisher={MIT Press}
}

@article{lloyd_kmeans,
  title={Least squares quantization in PCM},
  author={Lloyd, Stuart},
  journal={Information Theory, IEEE Transactions on},
  volume={28},
  number={2},
  pages={129--137},
  year={1982},
  publisher={IEEE}
}

@inproceedings{sift,
  title={Object recognition from local scale-invariant features},
  author={Lowe, David G},
  booktitle={Computer vision, 1999. The proceedings of the seventh IEEE international conference on},
  volume={2},
  pages={1150--1157},
  year={1999},
  organization={Ieee}
}


@article{lee1999learning,
  title={Learning the parts of objects by non-negative matrix factorization},
  author={Lee, Daniel D and Seung, H Sebastian},
  journal={Nature},
  volume={401},
  number={6755},
  pages={788--791},
  year={1999},
  publisher={Nature Publishing Group}
}


@inproceedings{AGKM,
  title={Computing a nonnegative matrix factorization--provably},
  author={Arora, Sanjeev and Ge, Rong and Kannan, Ravindran and Moitra, Ankur},
  booktitle={Proceedings of the forty-fourth annual ACM symposium on Theory of computing},
  pages={145--162},
  year={2012},
  organization={ACM}
}

@article{Blei,
 author = {Blei, David M.},
 title = {Probabilistic Topic Models},
 journal = {Commun. ACM},
 issue_date = {April 2012},
 volume = {55},
 number = {4},
 month = apr,
 year = {2012},
 issn = {0001-0782},
 pages = {77--84},
 numpages = {8},
 url = {http://doi.acm.org/10.1145/2133806.2133826},
 doi = {10.1145/2133806.2133826},
 acmid = {2133826},
 publisher = {ACM},
 address = {New York, NY, USA},
}

@article{gillis2014enhancing,
  title={Enhancing pure-pixel identification performance via preconditioning},
  author={Gillis, Nicolas and Ma, Wing-Kin},
  journal={arXiv preprint arXiv:1406.5286},
  year={2014}
}


@inproceedings{dobigeon:hal-01151017,
  TITLE = {{Robust nonnegative matrix factorization for nonlinear unmixing of hyperspectral images}},
  AUTHOR = {Dobigeon, Nicolas and F{\'e}votte, C{\'e}dric},
  URL = {https://hal.archives-ouvertes.fr/hal-01151017},
  BOOKTITLE = {{IEEE Workshop on Hyperspectral Image and Signal Processing: Evolution in Remote Sensing - WHISPERS 2013}},
  ADDRESS = {Gainesville, United States},
  PAGES = {pp. 1-4},
  YEAR = {2013},
  MONTH = Jun,
  KEYWORDS = {Hyperspectral imagery ; Nonlinear unmixing ; Robustnonnegative matrix factorization ; Group-sparsity},
  PDF = {https://hal.archives-ouvertes.fr/hal-01151017/file/Dobigeon_12438.pdf},
  HAL_ID = {hal-01151017},
  HAL_VERSION = {v1},
}

@article{oh2008occlusion,
  title={Occlusion invariant face recognition using selective local non-negative matrix factorization basis images},
  author={Oh, Hyun Jun and Lee, Kyoung Mu and Lee, Sang Uk},
  journal={Image and Vision Computing},
  volume={26},
  number={11},
  pages={1515--1523},
  year={2008},
  publisher={Elsevier}
}

@article{belhumeur1997eigenfaces,
  title={Eigenfaces vs. fisherfaces: Recognition using class specific linear projection},
  author={Belhumeur, Peter N and Hespanha, Jo{\~a}o P and Kriegman, David J},
  journal={Pattern Analysis and Machine Intelligence, IEEE Transactions on},
  volume={19},
  number={7},
  pages={711--720},
  year={1997},
  publisher={IEEE}
}

@article{shen2012robust,
  title={Robust Nonnegative Matrix Factorization via $ L\_1 $ Norm Regularization},
  author={Shen, Bin and Si, Luo and Ji, Rongrong and Liu, Baodi},
  journal={arXiv preprint arXiv:1204.2311},
  year={2012}
}

@inproceedings{boardman1995mapping,

  title={Mapping target signatures via partial unmixing of AVIRIS data},

  author={Boardman, Joe W and Kruse, Fred A and Green, Robert O},

  booktitle={Proc. JPL airborne earth sci. workshop},

  volume={1},

  pages={23--26},

  year={1995}

}

\bibitem{mcdiarmid}
McDiarmid, C.
\newblock On the method of Bounded Differences.
\newblock Surveys in Combinatorics: London Math. Soc. Lecture Note Series 141. Cambridge University Press., 1989.
